<?xml version="1.0" encoding="UTF-8"?><collection xmlns="http://www.loc.gov/MARC21/slim"><record><leader>00577nam--2200181-i-4500</leader><controlfield tag="001">000043544</controlfield><controlfield tag="002">20161230</controlfield><controlfield tag="005">20161230201044</controlfield><controlfield tag="008">060222s1000------------r-----000-0-ger-d</controlfield><datafield ind1=" " ind2=" " tag="040"><subfield code="a">IFIN-HH</subfield></datafield><datafield ind1=" " ind2=" " tag="041"><subfield code="a">ger</subfield></datafield><datafield ind1=" " ind2=" " tag="080"><subfield code="a">539.124.143(061.3)</subfield></datafield><datafield ind1="1" ind2=" " tag="110"><subfield code="a">Karl Max Universitat Leipzig</subfield></datafield><datafield ind1="1" ind2="0" tag="245"><subfield code="a">Tagung hochfrequenzspektroskopie der physikalischen gelellschaft in der deutschen demokratischen republik vom 14. bis 17. september 1969</subfield></datafield><datafield ind1=" " ind2=" " tag="260"><subfield code="a">Leipzig</subfield><subfield code="b">Karl Marx Universitat Leipzig</subfield><subfield code="c">1969</subfield></datafield><datafield ind1=" " ind2=" " tag="300"><subfield code="a">463 P</subfield></datafield><datafield ind1=" " ind2=" " tag="852"><subfield code="a">44721</subfield><subfield code="c">539.12</subfield></datafield><datafield ind1=" " ind2=" " tag="CAT"><subfield code="a">Sys</subfield><subfield code="c">20111128</subfield><subfield code="h">125952</subfield></datafield></record></collection>